@misc{ens2016,
  author = {Johnson, Nick and others},
  title = {{EIP-137: Ethereum Domain Name Service - Specification}},
  year = {2016},
  howpublished = {Ethereum Improvement Proposals},
  url = {https://eips.ethereum.org/EIPS/eip-137}
}

@techreport{uniswapv3,
  author = {Adams, Hayden and Zinsmeister, Noah and Salem, Moody and Keefer, River and Robinson, Dan},
  title = {{Uniswap v3 Core}},
  year = {2021},
  institution = {Uniswap},
  url = {https://uniswap.org/whitepaper-v3.pdf}
}

@misc{uniswapv4,
  author = {Adams, Hayden and others},
  title = {{Uniswap v4 Core}},
  year = {2024},
  url = {https://github.com/Uniswap/v4-core}
}

@misc{bancor2017,
  author = {Hertzog, Eyal and Benartzi, Guy and Benartzi, Galia},
  title = {{Bancor Protocol: Continuous Liquidity for Cryptographic Tokens through their Smart Contracts}},
  year = {2017},
  url = {https://about.bancor.network/protocol/}
}

@article{arbius2023,
  author = {Kasumi},
  title = {{Arbius: A Decentralized Machine Learning Network with Economic Incentive}},
  year = {2023},
  month = {January},
  note = {Decentralized AI inference protocol with model tokens and proof-of-AI-compute}
}

@techreport{catgirl2025,
  author = {Kasumi},
  title = {{Autonomous Agent Networks with TEE-Secured Identity and Double-Layer Encryption: A Framework for Cryptographically Self-Sovereign Agents}},
  year = {2025},
  institution = {Technical Report},
  note = {Decentralized agent framework with TEE security, P2P communication, and trust propagation}
}
